<?xml version="1.0" encoding="UTF-8"?><collection xmlns="http://www.loc.gov/MARC21/slim"><record><leader>00561nam--2200205-u-4500</leader><controlfield tag="001">000050646</controlfield><controlfield tag="002">20161230</controlfield><controlfield tag="005">20170108173735</controlfield><controlfield tag="008">080227s1000------------r-----000-0-eng-d</controlfield><datafield ind1=" " ind2=" " tag="020"><subfield code="a">13978-981-270-698-0</subfield></datafield><datafield ind1=" " ind2=" " tag="040"><subfield code="a">IFIN-HH</subfield></datafield><datafield ind1="1" ind2=" " tag="100"><subfield code="a">Abbaspour, Hossein</subfield></datafield><datafield ind1="1" ind2="0" tag="245"><subfield code="a">Basic Lie Theory</subfield></datafield><datafield ind1=" " ind2=" " tag="260"><subfield code="a">New Jersey</subfield><subfield code="b">World Scientific</subfield><subfield code="c">2007</subfield></datafield><datafield ind1=" " ind2=" " tag="300"><subfield code="a">427 p</subfield></datafield><datafield ind1=" " ind2=" " tag="504"><subfield code="a">Includes Bibliographical References and Index</subfield></datafield><datafield ind1=" " ind2="4" tag="650"><subfield code="a">Elements of the Theory or Lie Algebras</subfield></datafield><datafield ind1=" " ind2=" " tag="700"><subfield code="a">Moskowitz, Martin</subfield></datafield><datafield ind1=" " ind2=" " tag="852"><subfield code="a">81931</subfield></datafield><datafield ind1=" " ind2=" " tag="CAT"><subfield code="a">SYS</subfield><subfield code="c">20170108</subfield><subfield code="h">173735</subfield></datafield></record></collection>